@misc{clifford_2025_amazon,
	author = {Clifford, Cayce},
	month = {03},
	title = {Amazon Robots in Warehouse},
	howpublished={\url{https://www.ft.com/content/31ec6a78-97cf-47a2-b229-d63c44b81073}},
	year = {2025}
}

@misc{amazonrobotics_2024_closeup,
	author = {Amazon Robotics},
	month = {02},
	title = {Close-up of Kiva Robots},
	howpublished={\url{https://blog.scallog.com/en/amazon-robotics-robots-logistiques-supply-chain}},
	year = {2024}
}

@misc{scallog_2024_amazon,
	author = {Scallog},
	annote = {According to Amazon, Kiva robots have helped reduce stock retrieval times from 90 minutes to about 15 minutes.},
	month = {02},
	title = {Amazon Robotics and Logistics Robots in the Supply Chain},
	howpublished={\url{https://blog.scallog.com/en/amazon-robotics-robots-logistiques-supply-chain}},
	year = {2024}
}

@misc{edwards_2020_amazon,
	author = {Edwards, David},
	month = {01},
	title = {Amazon now has 200,000 robots working in its warehouses},
	howpublished={\url{https://roboticsandautomationnews.com/2020/01/21/amazon-now-has-200000-robots-working-in-its-warehouses/28840/}},
	year = {2020},
	organization = {Robotics \& Automation News}
}

@misc{shead_2017_amazon,
	author = {Shead, Sam},
	month = {01},
	title = {Amazon now has 45,000 robots in its warehouses},
	howpublished={\url{https://www.businessinsider.com/amazons-robot-army-has-grown-by-50-2017-1}},
	year = {2017},
	organization = {Business Insider}
}

@misc{warehouse,
	title = {Warehouse Worker},
	howpublished={\url{https://www.ioscm.com/blog/warehousing-strategies-for-building-a-productive-work-environment/}},
	organization = {IOSCM}
}

@misc{warehouseauto,
	title = {Warehouse Productivity},
	howpublished={\url{https://us.blog.kardex-remstar.com/hs-fs/hubfs/Imported%20sitepage%20images/Infographic_Blog_Update_Productivity.jpeg?width=800&height=444&name=Infographic_Blog_Update_Productivity.jpeg}}
}

@misc{a2024_joseph,
	title = {Joseph Engelberger and Unimate: Pioneering the Robotics Revolution},
	howpublished={\url{https://www.automate.org/robotics/engelberger/joseph-engelberger-unimate}},
	year = {2024},
	organization = {Automate}
}

@misc{group_2024_the,
	author = {Group, Ocado},
	title = {The Ocado Smart Platform (OSP) | Ocado Group},
	howpublished={\url{https://www.ocadogroup.com/solutions/online-grocery}},
	year = {2024},
	organization = {Ocadogroup.com}
}

@misc{_2024_building,
	author = {, Tharsus},
	month = {09},
	title = {Building the warehouse robots to run on the Ocado Smart Platform | tharsus},
	howpublished={\url{https://tharsus.com/projects/ocado/}},
	year = {2024},
	organization = {Tharsus}
}

@misc{group_2023_the,
	author = {Group, Ocado},
	month = {06},
	title = {The Ocado Smart Platform: Automating Online Grocery},
	howpublished={\url{https://www.youtube.com/watch?v=Eu3jgy2-tL8}},
	year = {2023},
	organization = {YouTube}
}

@misc{group_2020_explained,
	author = {Group, Ocado},
	month = {09},
	title = {Explained: The Tech Powering the Ocado Smart Platform},
	howpublished={\url{https://www.youtube.com/watch?v=g2uMfpAHdGY}},
	year = {2020},
	organization = {www.youtube.com}
}

@misc{speed_2023_ocado,
	author = {Speed, Madeleine},
	month = {07},
	title = {Ocado and AutoStore settle three-year row over ecommerce tech},
	howpublished={\url{https://www.ft.com/content/7038e2f4-0201-4632-a79e-8613890e8c99}},
	year = {2023},
	organization = {www.ft.com}
}

@misc{systems_autostore,
	author = {Systems, AutoStore},
	title = {AutoStore Robotic Warehouse Storage and Inventory Retrieval System},
	howpublished={\url{https://www.autostoresystem.com/}},
	organization = {www.autostoresystem.com}
}

@misc{systems_2018_autostore,
	author = {Systems, AutoStore},
	month = {03},
	title = {AutoStore | Introduction: Stop Airhousing, Start Warehousing},
	howpublished={\url{https://www.youtube.com/watch?v=iHC9ec591lI}},
	year = {2018},
	organization = {www.youtube.com}
}

@misc{autostore_2023_autostore,
	author = {AutoStore},
	month = {03},
	title = {AutoStore | The Facts Behind the Stacked Design},
	howpublished={\url{https://www.youtube.com/watch?v=9UDgSofF_AY}},
	year = {2023},
	organization = {YouTube}
}

@misc{solutions_2025_autostore,
	author = {Solutions, Bastian},
	title = {AutoStore System | Goods to Person Automated Storage \& Retrieval | Bastian Solutions},
	howpublished={\url{https://www.bastiansolutions.com/solutions/technology/goods-to-person/autostore/?srsltid=AfmBOop3Qs8YAH6JU69_gX8hp7hUlfPbCx6afmk7b3cxcemB0Ox5VlOW}},
	year = {2025},
	organization = {Bastiansolutions.com}
}

@misc{point_data,
	author = {Point, Tutorials},
	title = {Data Structure - Breadth First Traversal - Tutorialspoint},
	howpublished={\url{https://www.tutorialspoint.com/data_structures_algorithms/breadth_first_traversal.htm}},
	organization = {www.tutorialspoint.com}
}

@misc{patel_2019_introduction,
	author = {Patel, Amit},
	title = {Introduction to A*},
	howpublished={\url{http://theory.stanford.edu/~amitp/GameProgramming/AStarComparison.html}},
	year = {2019},
	organization = {Stanford.edu}
}

@misc{s_2021_a,
	author = {S, Ravikiran A},
	month = {07},
	publisher = {Simplilearn},
	title = {A* Search Algorithm Explained: Applications \& Uses},
	howpublished={\url{https://www.simplilearn.com/tutorials/artificial-intelligence-tutorial/a-star-algorithm#algorithm}},
	year = {2021},
	organization = {Simplilearn.com}
}

@misc{geeksforgeeks_2019_depth,
	author = {GeeksforGeeks},
	month = {02},
	title = {Depth First Search - GeeksforGeeks},
	howpublished={\url{https://www.geeksforgeeks.org/depth-first-search-or-dfs-for-a-graph/}},
	year = {2019},
	organization = {GeeksforGeeks}
}

@misc{geeksforgeeks_2017_genetic,
	author = {GeeksforGeeks},
	month = {06},
	title = {Genetic Algorithms},
	howpublished={\url{https://www.geeksforgeeks.org/genetic-algorithms/}},
	year = {2017},
	organization = {GeeksforGeeks}
}

@misc{geeksforgeeks_2024_introduction,
	author = {GeeksforGeeks},
	month = {09},
	title = {Introduction to Optimization with Genetic Algorithm},
	howpublished={\url{https://www.geeksforgeeks.org/introduction-to-optimization-with-genetic-algorithm/}},
	year = {2024},
	organization = {GeeksforGeeks}
}
@misc{bfs_time,
	author = {Stack Overflow},
	month = {11},
	title = {Time Complexity Analysis of BFS},
	howpublished={\url{https://stackoverflow.com/questions/26549140/breadth-first-search-time-complexity-analysis}},
	year = {2014},
	organization = {Stack Overflow}

}

@misc{sqlite_locking_v3,
	author = {{SQLite}},
	title = {File Locking And Concurrency In SQLite Version 3},
	howpublished = {\url{https://www.sqlite.org/lockingv3.html}}
}

@misc{ajitsaria_python_gil,
	author = {Ajitsaria, A.},
	title = {What Is the Python Global Interpreter Lock (GIL)? – Real Python},
	howpublished = {\url{https://realpython.com/python-gil/}}
}

@misc{dev_python_strings,
	author = {Dev, G.},
	title = {Python Strings | Python Education},
	howpublished = {\url{https://developers.google.com/edu/python/strings}}
}

@misc{python_tkinter,
	author = {Python Software Foundation},
	title = {tkinter — Python interface to Tcl/Tk — Python 3.7.2 documentation},
	howpublished = {\url{https://docs.python.org/3/library/tkinter.html}},
	year = {2019}
}

@misc{design1,
	author = {Umesha Anjani},
	title = {Optimizing User Experience: Google Chrome and Top 7 Laws of UX},
	howpublished = {\url{https://umeshabalasooriya.medium.com/optimizing-user-experience-google-chrome-and-top-7-laws-of-ux-7b6ec41e3116}}
}

@misc{design2,
	author = {Interaction Design Foundation},
	title = {User Interface Design Guidelines: 10 Rules of Thumb},
	howpublished = {\url{https://www.interaction-design.org/literature/article/user-interface-design-guidelines-10-rules-of-thumb}}
}

@misc{bfsimg,
	author = {Vaidehi Joshi},
	title = {Breaking Down Breadth-First Search by Vaidehi Joshi - basecs - Medium},
	howpublished = {\url{https://miro.medium.com/v2/resize:fit:1400/1*VM84VPcCQe0gSy44l9S5yA.jpeg}}
}


@article{badrelkari_2024_exploring,
	author = {Badr Elkari and Loubna OURABAH and Hiba SEKKAT and Ayoub HSAINE and Chama ESSAIOUAD and Yassine BOUARGANE and Karim El Moutaouakil},
	month = {02},
	pages = {761-781},
	publisher = {International Academic Press},
	title = {Exploring Maze Navigation: A Comparative Study of DFS, BFS, and A* Search Algorithms.},
	doi = {10.19139/soic-2310-5070-1939},
	volume = {12},
	year = {2024},
	journal = {Statistics Optimization \& Information Computing}
}